%YAML 1.1
%TAG !u! tag:unity3d.com,2011:
--- !u!1 &3797518232750325752
GameObject:
  m_ObjectHideFlags: 0
  m_CorrespondingSourceObject: {fileID: 0}
  m_PrefabInstance: {fileID: 0}
  m_PrefabAsset: {fileID: 0}
  serializedVersion: 6
  m_Component:
  - component: {fileID: 4538920710525017691}
  - component: {fileID: 2270047846923290084}
  - component: {fileID: 6594848703840901488}
  m_Layer: 7
  m_Name: InteractionTrigger
  m_TagString: Untagged
  m_Icon: {fileID: 0}
  m_NavMeshLayer: 0
  m_StaticEditorFlags: 0
  m_IsActive: 1
--- !u!4 &4538920710525017691
Transform:
  m_ObjectHideFlags: 0
  m_CorrespondingSourceObject: {fileID: 0}
  m_PrefabInstance: {fileID: 0}
  m_PrefabAsset: {fileID: 0}
  m_GameObject: {fileID: 3797518232750325752}
  m_LocalRotation: {x: 0, y: 0, z: 0, w: 1}
  m_LocalPosition: {x: 0, y: 0, z: 0}
  m_LocalScale: {x: 1, y: 1, z: 1}
  m_Children: []
  m_Father: {fileID: 5108612831631454817}
  m_RootOrder: 0
  m_LocalEulerAnglesHint: {x: 0, y: 0, z: 0}
--- !u!70 &2270047846923290084
CapsuleCollider2D:
  m_ObjectHideFlags: 0
  m_CorrespondingSourceObject: {fileID: 0}
  m_PrefabInstance: {fileID: 0}
  m_PrefabAsset: {fileID: 0}
  m_GameObject: {fileID: 3797518232750325752}
  m_Enabled: 1
  m_Density: 1
  m_Material: {fileID: 0}
  m_IsTrigger: 1
  m_UsedByEffector: 0
  m_UsedByComposite: 0
  m_Offset: {x: 0, y: 0}
  m_Size: {x: 0.75, y: 1.25}
  m_Direction: 0
--- !u!114 &6594848703840901488
MonoBehaviour:
  m_ObjectHideFlags: 0
  m_CorrespondingSourceObject: {fileID: 0}
  m_PrefabInstance: {fileID: 0}
  m_PrefabAsset: {fileID: 0}
  m_GameObject: {fileID: 3797518232750325752}
  m_Enabled: 1
  m_EditorHideFlags: 0
  m_Script: {fileID: 11500000, guid: c235db909c13b8746bea2f869fe4e48e, type: 3}
  m_Name: 
  m_EditorClassIdentifier: 
  <AutoInteract>k__BackingField: 1
  <TargetInteractor>k__BackingField: {fileID: 5108612831631454819}
--- !u!1 &4679888918462294262
GameObject:
  m_ObjectHideFlags: 0
  m_CorrespondingSourceObject: {fileID: 0}
  m_PrefabInstance: {fileID: 0}
  m_PrefabAsset: {fileID: 0}
  serializedVersion: 6
  m_Component:
  - component: {fileID: 6633323546055993180}
  m_Layer: 7
  m_Name: GunContainer
  m_TagString: Untagged
  m_Icon: {fileID: 0}
  m_NavMeshLayer: 0
  m_StaticEditorFlags: 0
  m_IsActive: 1
--- !u!4 &6633323546055993180
Transform:
  m_ObjectHideFlags: 0
  m_CorrespondingSourceObject: {fileID: 0}
  m_PrefabInstance: {fileID: 0}
  m_PrefabAsset: {fileID: 0}
  m_GameObject: {fileID: 4679888918462294262}
  m_LocalRotation: {x: 0, y: 0, z: 0, w: 1}
  m_LocalPosition: {x: 0, y: 0, z: -0.1}
  m_LocalScale: {x: 1, y: 1, z: 1}
  m_Children:
  - {fileID: 5108612832046554920}
  m_Father: {fileID: 5108612831631454817}
  m_RootOrder: 2
  m_LocalEulerAnglesHint: {x: 0, y: 0, z: 0}
--- !u!1 &5108612831631454819
GameObject:
  m_ObjectHideFlags: 0
  m_CorrespondingSourceObject: {fileID: 0}
  m_PrefabInstance: {fileID: 0}
  m_PrefabAsset: {fileID: 0}
  serializedVersion: 6
  m_Component:
  - component: {fileID: 5108612831631454817}
  - component: {fileID: 5108612831631454816}
  - component: {fileID: 5108612831631454814}
  - component: {fileID: 3569376937955378562}
  - component: {fileID: 5108612831631454815}
  - component: {fileID: 5597301285556393123}
  - component: {fileID: 2131326202533650704}
  - component: {fileID: 131310098965685988}
  - component: {fileID: 7010440456854588368}
  - component: {fileID: 4775180758773435114}
  m_Layer: 7
  m_Name: Player
  m_TagString: Untagged
  m_Icon: {fileID: 0}
  m_NavMeshLayer: 0
  m_StaticEditorFlags: 0
  m_IsActive: 1
--- !u!4 &5108612831631454817
Transform:
  m_ObjectHideFlags: 0
  m_CorrespondingSourceObject: {fileID: 0}
  m_PrefabInstance: {fileID: 0}
  m_PrefabAsset: {fileID: 0}
  m_GameObject: {fileID: 5108612831631454819}
  m_LocalRotation: {x: 0, y: 0, z: 0, w: 1}
  m_LocalPosition: {x: 0, y: 0, z: 0}
  m_LocalScale: {x: 1, y: 1, z: 1}
  m_Children:
  - {fileID: 4538920710525017691}
  - {fileID: 5108612832498551265}
  - {fileID: 6633323546055993180}
  m_Father: {fileID: 0}
  m_RootOrder: 0
  m_LocalEulerAnglesHint: {x: 0, y: 0, z: 0}
--- !u!70 &5108612831631454816
CapsuleCollider2D:
  m_ObjectHideFlags: 0
  m_CorrespondingSourceObject: {fileID: 0}
  m_PrefabInstance: {fileID: 0}
  m_PrefabAsset: {fileID: 0}
  m_GameObject: {fileID: 5108612831631454819}
  m_Enabled: 1
  m_Density: 1
  m_Material: {fileID: 6200000, guid: ae4f0048ef47f4d42aa42d98993f1399, type: 2}
  m_IsTrigger: 0
  m_UsedByEffector: 0
  m_UsedByComposite: 0
  m_Offset: {x: 0, y: 0}
  m_Size: {x: 0.5, y: 1}
  m_Direction: 0
--- !u!50 &5108612831631454814
Rigidbody2D:
  serializedVersion: 4
  m_ObjectHideFlags: 0
  m_CorrespondingSourceObject: {fileID: 0}
  m_PrefabInstance: {fileID: 0}
  m_PrefabAsset: {fileID: 0}
  m_GameObject: {fileID: 5108612831631454819}
  m_BodyType: 0
  m_Simulated: 1
  m_UseFullKinematicContacts: 0
  m_UseAutoMass: 0
  m_Mass: 10
  m_LinearDrag: 0
  m_AngularDrag: 0
  m_GravityScale: 1
  m_Material: {fileID: 6200000, guid: ae4f0048ef47f4d42aa42d98993f1399, type: 2}
  m_Interpolate: 1
  m_SleepingMode: 0
  m_CollisionDetection: 1
  m_Constraints: 4
--- !u!114 &3569376937955378562
MonoBehaviour:
  m_ObjectHideFlags: 0
  m_CorrespondingSourceObject: {fileID: 0}
  m_PrefabInstance: {fileID: 0}
  m_PrefabAsset: {fileID: 0}
  m_GameObject: {fileID: 5108612831631454819}
  m_Enabled: 1
  m_EditorHideFlags: 0
  m_Script: {fileID: 11500000, guid: 37493bec6048871448ce180b9e39cdad, type: 3}
  m_Name: 
  m_EditorClassIdentifier: 
  autoAddDamageListeners: 1
  damageMultiplierList:
  - Type: {fileID: 11400000, guid: 09f1142bc18b08d4f945a7f119ea2405, type: 2}
    Multiplier: 1.25
  - Type: {fileID: 11400000, guid: cbe050abbe88c494490d13fcbe658d15, type: 2}
    Multiplier: 1.15
  - Type: {fileID: 11400000, guid: 3f6f13c5057398a4a8aca5b88516d2d3, type: 2}
    Multiplier: 0.75
--- !u!114 &5108612831631454815
MonoBehaviour:
  m_ObjectHideFlags: 0
  m_CorrespondingSourceObject: {fileID: 0}
  m_PrefabInstance: {fileID: 0}
  m_PrefabAsset: {fileID: 0}
  m_GameObject: {fileID: 5108612831631454819}
  m_Enabled: 1
  m_EditorHideFlags: 0
  m_Script: {fileID: 11500000, guid: c7f9485aa7bac6743a5818011a14f9ad, type: 3}
  m_Name: 
  m_EditorClassIdentifier: 
  <JumpStrength>k__BackingField: 10
  <JumpSustain>k__BackingField: 0.7
  accelerationFactor: 6
  speed: 7
  <GroundStoppingCoefficient>k__BackingField: 0.8
  <Collider2D>k__BackingField: {fileID: 5108612831631454816}
  <InteractionQueue>k__BackingField: {fileID: 6594848703840901488}
  <Gun>k__BackingField: {fileID: 5108612832046554921}
  <WeaponContainer>k__BackingField: {fileID: 6633323546055993180}
  moveVector: {x: 0, y: 0}
--- !u!114 &5597301285556393123
MonoBehaviour:
  m_ObjectHideFlags: 0
  m_CorrespondingSourceObject: {fileID: 0}
  m_PrefabInstance: {fileID: 0}
  m_PrefabAsset: {fileID: 0}
  m_GameObject: {fileID: 5108612831631454819}
  m_Enabled: 1
  m_EditorHideFlags: 0
  m_Script: {fileID: 11500000, guid: 4d511bf188c173e4a9a04147b44e00cc, type: 3}
  m_Name: 
  m_EditorClassIdentifier: 
  serializedCommands:
  - <Key>k__BackingField: MoveHorizontal
    <ParametersType>k__BackingField: 1
    <Action>k__BackingField:
      m_PersistentCalls:
        m_Calls: []
    <AnalogueAction>k__BackingField:
      m_PersistentCalls:
        m_Calls:
        - m_Target: {fileID: 5108612831631454815}
          m_TargetAssemblyTypeName: RTDW.PlayerController, Assembly-CSharp
          m_MethodName: Cmd_MoveHorizontal
          m_Mode: 0
          m_Arguments:
            m_ObjectArgument: {fileID: 0}
            m_ObjectArgumentAssemblyTypeName: UnityEngine.Object, UnityEngine
            m_IntArgument: 0
            m_FloatArgument: 0
            m_StringArgument: 
            m_BoolArgument: 0
          m_CallState: 2
    <VectorAction>k__BackingField:
      m_PersistentCalls:
        m_Calls: []
    <AgnosticAction>k__BackingField:
      m_PersistentCalls:
        m_Calls: []
  - <Key>k__BackingField: DropPlatforms
    <ParametersType>k__BackingField: 0
    <Action>k__BackingField:
      m_PersistentCalls:
        m_Calls:
        - m_Target: {fileID: 5108612831631454815}
          m_TargetAssemblyTypeName: RTDW.PlayerController, Assembly-CSharp
          m_MethodName: Cmd_DropPlatform
          m_Mode: 0
          m_Arguments:
            m_ObjectArgument: {fileID: 0}
            m_ObjectArgumentAssemblyTypeName: UnityEngine.Object, UnityEngine
            m_IntArgument: 0
            m_FloatArgument: 0
            m_StringArgument: 
            m_BoolArgument: 0
          m_CallState: 2
    <AnalogueAction>k__BackingField:
      m_PersistentCalls:
        m_Calls: []
    <VectorAction>k__BackingField:
      m_PersistentCalls:
        m_Calls: []
    <AgnosticAction>k__BackingField:
      m_PersistentCalls:
        m_Calls: []
  - <Key>k__BackingField: Jump
    <ParametersType>k__BackingField: 0
    <Action>k__BackingField:
      m_PersistentCalls:
        m_Calls:
        - m_Target: {fileID: 5108612831631454815}
          m_TargetAssemblyTypeName: RTDW.PlayerController, Assembly-CSharp
          m_MethodName: Cmd_Jump
          m_Mode: 0
          m_Arguments:
            m_ObjectArgument: {fileID: 0}
            m_ObjectArgumentAssemblyTypeName: UnityEngine.Object, UnityEngine
            m_IntArgument: 0
            m_FloatArgument: 0
            m_StringArgument: 
            m_BoolArgument: 0
          m_CallState: 2
    <AnalogueAction>k__BackingField:
      m_PersistentCalls:
        m_Calls: []
    <VectorAction>k__BackingField:
      m_PersistentCalls:
        m_Calls: []
    <AgnosticAction>k__BackingField:
      m_PersistentCalls:
        m_Calls: []
  - <Key>k__BackingField: Aim
    <ParametersType>k__BackingField: 2
    <Action>k__BackingField:
      m_PersistentCalls:
        m_Calls: []
    <AnalogueAction>k__BackingField:
      m_PersistentCalls:
        m_Calls: []
    <VectorAction>k__BackingField:
      m_PersistentCalls:
        m_Calls:
        - m_Target: {fileID: 5108612831631454815}
          m_TargetAssemblyTypeName: RTDW.PlayerController, Assembly-CSharp
          m_MethodName: Cmd_Aim
          m_Mode: 0
          m_Arguments:
            m_ObjectArgument: {fileID: 0}
            m_ObjectArgumentAssemblyTypeName: UnityEngine.Object, UnityEngine
            m_IntArgument: 0
            m_FloatArgument: 0
            m_StringArgument: 
            m_BoolArgument: 0
          m_CallState: 2
    <AgnosticAction>k__BackingField:
      m_PersistentCalls:
        m_Calls: []
  - <Key>k__BackingField: Attack
    <ParametersType>k__BackingField: 2
    <Action>k__BackingField:
      m_PersistentCalls:
        m_Calls:
        - m_Target: {fileID: 0}
          m_TargetAssemblyTypeName: RTDW.Weapon, Assembly-CSharp
          m_MethodName: TriggerFire
          m_Mode: 1
          m_Arguments:
            m_ObjectArgument: {fileID: 0}
            m_ObjectArgumentAssemblyTypeName: UnityEngine.Object, UnityEngine
            m_IntArgument: 0
            m_FloatArgument: 0
            m_StringArgument: 
            m_BoolArgument: 0
          m_CallState: 2
    <AnalogueAction>k__BackingField:
      m_PersistentCalls:
        m_Calls:
        - m_Target: {fileID: 0}
          m_TargetAssemblyTypeName: 
          m_MethodName: 
          m_Mode: 1
          m_Arguments:
            m_ObjectArgument: {fileID: 0}
            m_ObjectArgumentAssemblyTypeName: 
            m_IntArgument: 0
            m_FloatArgument: 0
            m_StringArgument: 
            m_BoolArgument: 0
          m_CallState: 2
    <VectorAction>k__BackingField:
      m_PersistentCalls:
        m_Calls:
        - m_Target: {fileID: 4775180758773435114}
          m_TargetAssemblyTypeName: RTDW.Weapons.WeaponEquipper, Assembly-CSharp
          m_MethodName: Cmd_Attack
          m_Mode: 0
          m_Arguments:
            m_ObjectArgument: {fileID: 0}
            m_ObjectArgumentAssemblyTypeName: UnityEngine.Object, UnityEngine
            m_IntArgument: 0
            m_FloatArgument: 0
            m_StringArgument: 
            m_BoolArgument: 0
          m_CallState: 2
    <AgnosticAction>k__BackingField:
      m_PersistentCalls:
        m_Calls: []
  - <Key>k__BackingField: AttackAlt
    <ParametersType>k__BackingField: 2
    <Action>k__BackingField:
      m_PersistentCalls:
        m_Calls: []
    <AnalogueAction>k__BackingField:
      m_PersistentCalls:
        m_Calls: []
    <VectorAction>k__BackingField:
      m_PersistentCalls:
        m_Calls:
        - m_Target: {fileID: 4775180758773435114}
          m_TargetAssemblyTypeName: RTDW.Weapons.WeaponEquipper, Assembly-CSharp
          m_MethodName: Cmd_TriggerAlt
          m_Mode: 0
          m_Arguments:
            m_ObjectArgument: {fileID: 0}
            m_ObjectArgumentAssemblyTypeName: UnityEngine.Object, UnityEngine
            m_IntArgument: 0
            m_FloatArgument: 0
            m_StringArgument: 
            m_BoolArgument: 0
          m_CallState: 2
    <AgnosticAction>k__BackingField:
      m_PersistentCalls:
        m_Calls: []
  - <Key>k__BackingField: Reload
    <ParametersType>k__BackingField: 0
    <Action>k__BackingField:
      m_PersistentCalls:
        m_Calls:
        - m_Target: {fileID: 4775180758773435114}
          m_TargetAssemblyTypeName: RTDW.Weapons.WeaponEquipper, Assembly-CSharp
          m_MethodName: Cmd_Reload
          m_Mode: 0
          m_Arguments:
            m_ObjectArgument: {fileID: 0}
            m_ObjectArgumentAssemblyTypeName: UnityEngine.Object, UnityEngine
            m_IntArgument: 0
            m_FloatArgument: 0
            m_StringArgument: 
            m_BoolArgument: 0
          m_CallState: 2
    <AnalogueAction>k__BackingField:
      m_PersistentCalls:
        m_Calls: []
    <VectorAction>k__BackingField:
      m_PersistentCalls:
        m_Calls: []
    <AgnosticAction>k__BackingField:
      m_PersistentCalls:
        m_Calls: []
  - <Key>k__BackingField: Interact
    <ParametersType>k__BackingField: 0
    <Action>k__BackingField:
      m_PersistentCalls:
        m_Calls:
        - m_Target: {fileID: 6594848703840901488}
          m_TargetAssemblyTypeName: RTDW.Actors.ActorInteractionQueue, Assembly-CSharp
          m_MethodName: InteractWithAvailable
          m_Mode: 1
          m_Arguments:
            m_ObjectArgument: {fileID: 0}
            m_ObjectArgumentAssemblyTypeName: UnityEngine.Object, UnityEngine
            m_IntArgument: 0
            m_FloatArgument: 0
            m_StringArgument: 
            m_BoolArgument: 0
          m_CallState: 2
    <AnalogueAction>k__BackingField:
      m_PersistentCalls:
        m_Calls: []
    <VectorAction>k__BackingField:
      m_PersistentCalls:
        m_Calls: []
    <AgnosticAction>k__BackingField:
      m_PersistentCalls:
        m_Calls: []
--- !u!114 &2131326202533650704
MonoBehaviour:
  m_ObjectHideFlags: 0
  m_CorrespondingSourceObject: {fileID: 0}
  m_PrefabInstance: {fileID: 0}
  m_PrefabAsset: {fileID: 0}
  m_GameObject: {fileID: 5108612831631454819}
  m_Enabled: 1
  m_EditorHideFlags: 0
  m_Script: {fileID: 11500000, guid: a7b8e2364177fc7428ebbcb6431d4b6b, type: 3}
  m_Name: 
  m_EditorClassIdentifier: 
  inputControls:
  - mode: 0
    keyInput: 32
    mouseButton: 0
    command: Jump
    commandParamType: 0
    analogueParamValue: 0
    vectorParamValue: {x: 0, y: 0}
  - mode: 0
    keyInput: 97
    mouseButton: 0
    command: MoveHorizontal
    commandParamType: 1
    analogueParamValue: -1
    vectorParamValue: {x: 0, y: 0}
  - mode: 0
    keyInput: 100
    mouseButton: 0
    command: MoveHorizontal
    commandParamType: 1
    analogueParamValue: 1
    vectorParamValue: {x: 0, y: 0}
  - mode: 0
    keyInput: 115
    mouseButton: 0
    command: DropPlatforms
    commandParamType: 0
    analogueParamValue: 0
    vectorParamValue: {x: 0, y: 0}
  - mode: 0
    keyInput: 114
    mouseButton: 0
    command: Reload
    commandParamType: 0
    analogueParamValue: 0
    vectorParamValue: {x: 0, y: 0}
  - mode: 1
    keyInput: 0
    mouseButton: 0
    command: Attack
    commandParamType: 2
    analogueParamValue: 0
    vectorParamValue: {x: 0, y: 0}
  - mode: 1
    keyInput: 0
    mouseButton: 1
    command: AttackAlt
    commandParamType: 2
    analogueParamValue: 0
    vectorParamValue: {x: 0, y: 0}
  - mode: 0
    keyInput: 101
    mouseButton: 0
    command: Interact
    commandParamType: 0
    analogueParamValue: 0
    vectorParamValue: {x: 0, y: 0}
--- !u!114 &131310098965685988
MonoBehaviour:
  m_ObjectHideFlags: 0
  m_CorrespondingSourceObject: {fileID: 0}
  m_PrefabInstance: {fileID: 0}
  m_PrefabAsset: {fileID: 0}
  m_GameObject: {fileID: 5108612831631454819}
  m_Enabled: 1
  m_EditorHideFlags: 0
  m_Script: {fileID: 11500000, guid: 00350ef453cce534c85bcebc2f520849, type: 3}
  m_Name: 
  m_EditorClassIdentifier: 
  inputControls:
  - command: Aim
    sensitivity: 0.1
--- !u!114 &7010440456854588368
MonoBehaviour:
  m_ObjectHideFlags: 0
  m_CorrespondingSourceObject: {fileID: 0}
  m_PrefabInstance: {fileID: 0}
  m_PrefabAsset: {fileID: 0}
  m_GameObject: {fileID: 5108612831631454819}
  m_Enabled: 1
  m_EditorHideFlags: 0
  m_Script: {fileID: 11500000, guid: eee3510e86ae483419628deaf3a87b8a, type: 3}
  m_Name: 
  m_EditorClassIdentifier: 
  storedItems: []
--- !u!114 &4775180758773435114
MonoBehaviour:
  m_ObjectHideFlags: 0
  m_CorrespondingSourceObject: {fileID: 0}
  m_PrefabInstance: {fileID: 0}
  m_PrefabAsset: {fileID: 0}
  m_GameObject: {fileID: 5108612831631454819}
  m_Enabled: 1
  m_EditorHideFlags: 0
  m_Script: {fileID: 11500000, guid: 41e83725ed7370d45abc5a100a77abe0, type: 3}
  m_Name: 
  m_EditorClassIdentifier: 
  <EquippedWeapon>k__BackingField: {fileID: 5108612832046554921}
--- !u!1 &5108612832498551264
GameObject:
  m_ObjectHideFlags: 0
  m_CorrespondingSourceObject: {fileID: 0}
  m_PrefabInstance: {fileID: 0}
  m_PrefabAsset: {fileID: 0}
  serializedVersion: 6
  m_Component:
  - component: {fileID: 5108612832498551265}
  - component: {fileID: 5108612832498551262}
  m_Layer: 7
  m_Name: Gfx
  m_TagString: Untagged
  m_Icon: {fileID: 0}
  m_NavMeshLayer: 0
  m_StaticEditorFlags: 0
  m_IsActive: 1
--- !u!4 &5108612832498551265
Transform:
  m_ObjectHideFlags: 0
  m_CorrespondingSourceObject: {fileID: 0}
  m_PrefabInstance: {fileID: 0}
  m_PrefabAsset: {fileID: 0}
  m_GameObject: {fileID: 5108612832498551264}
  m_LocalRotation: {x: 0, y: 0, z: 0, w: 1}
  m_LocalPosition: {x: 0, y: 0, z: 0}
  m_LocalScale: {x: 1, y: 1, z: 1}
  m_Children: []
  m_Father: {fileID: 5108612831631454817}
  m_RootOrder: 1
  m_LocalEulerAnglesHint: {x: 0, y: 0, z: 0}
--- !u!212 &5108612832498551262
SpriteRenderer:
  m_ObjectHideFlags: 0
  m_CorrespondingSourceObject: {fileID: 0}
  m_PrefabInstance: {fileID: 0}
  m_PrefabAsset: {fileID: 0}
  m_GameObject: {fileID: 5108612832498551264}
  m_Enabled: 1
  m_CastShadows: 0
  m_ReceiveShadows: 0
  m_DynamicOccludee: 1
  m_MotionVectors: 1
  m_LightProbeUsage: 1
  m_ReflectionProbeUsage: 1
  m_RayTracingMode: 0
  m_RayTraceProcedural: 0
  m_RenderingLayerMask: 1
  m_RendererPriority: 0
  m_Materials:
  - {fileID: 10754, guid: 0000000000000000f000000000000000, type: 0}
  m_StaticBatchInfo:
    firstSubMesh: 0
    subMeshCount: 0
  m_StaticBatchRoot: {fileID: 0}
  m_ProbeAnchor: {fileID: 0}
  m_LightProbeVolumeOverride: {fileID: 0}
  m_ScaleInLightmap: 1
  m_ReceiveGI: 1
  m_PreserveUVs: 0
  m_IgnoreNormalsForChartDetection: 0
  m_ImportantGI: 0
  m_StitchLightmapSeams: 1
  m_SelectedEditorRenderState: 0
  m_MinimumChartSize: 4
  m_AutoUVMaxDistance: 0.5
  m_AutoUVMaxAngle: 89
  m_LightmapParameters: {fileID: 0}
  m_SortingLayerID: 0
  m_SortingLayer: 0
  m_SortingOrder: 0
  m_Sprite: {fileID: 21300000, guid: 7678ebbe0b3205c468cee531a9d4e66c, type: 3}
  m_Color: {r: 0, g: 0.48051977, b: 1, a: 1}
  m_FlipX: 0
  m_FlipY: 0
  m_DrawMode: 1
  m_Size: {x: 0.5, y: 1}
  m_AdaptiveModeThreshold: 0.5
  m_SpriteTileMode: 0
  m_WasSpriteAssigned: 1
  m_MaskInteraction: 0
  m_SpriteSortPoint: 0
--- !u!1001 &7080178354406276446
PrefabInstance:
  m_ObjectHideFlags: 0
  serializedVersion: 2
  m_Modification:
    m_TransformParent: {fileID: 6633323546055993180}
    m_Modifications:
    - target: {fileID: 2640421093338817140, guid: c8cd57d882c85614faba8f73d5a47a27, type: 3}
      propertyPath: m_Name
      value: Gun
      objectReference: {fileID: 0}
    - target: {fileID: 2640421093338817142, guid: c8cd57d882c85614faba8f73d5a47a27, type: 3}
      propertyPath: m_RootOrder
      value: 0
      objectReference: {fileID: 0}
    - target: {fileID: 2640421093338817142, guid: c8cd57d882c85614faba8f73d5a47a27, type: 3}
      propertyPath: m_LocalPosition.x
      value: 0
      objectReference: {fileID: 0}
    - target: {fileID: 2640421093338817142, guid: c8cd57d882c85614faba8f73d5a47a27, type: 3}
      propertyPath: m_LocalPosition.y
      value: 0
      objectReference: {fileID: 0}
    - target: {fileID: 2640421093338817142, guid: c8cd57d882c85614faba8f73d5a47a27, type: 3}
      propertyPath: m_LocalPosition.z
      value: 0
      objectReference: {fileID: 0}
    - target: {fileID: 2640421093338817142, guid: c8cd57d882c85614faba8f73d5a47a27, type: 3}
      propertyPath: m_LocalRotation.w
      value: 1
      objectReference: {fileID: 0}
    - target: {fileID: 2640421093338817142, guid: c8cd57d882c85614faba8f73d5a47a27, type: 3}
      propertyPath: m_LocalRotation.x
      value: -0
      objectReference: {fileID: 0}
    - target: {fileID: 2640421093338817142, guid: c8cd57d882c85614faba8f73d5a47a27, type: 3}
      propertyPath: m_LocalRotation.y
      value: -0
      objectReference: {fileID: 0}
    - target: {fileID: 2640421093338817142, guid: c8cd57d882c85614faba8f73d5a47a27, type: 3}
      propertyPath: m_LocalRotation.z
      value: -0
      objectReference: {fileID: 0}
    - target: {fileID: 2640421093338817142, guid: c8cd57d882c85614faba8f73d5a47a27, type: 3}
      propertyPath: m_LocalEulerAnglesHint.x
      value: 0
      objectReference: {fileID: 0}
    - target: {fileID: 2640421093338817142, guid: c8cd57d882c85614faba8f73d5a47a27, type: 3}
      propertyPath: m_LocalEulerAnglesHint.y
      value: 0
      objectReference: {fileID: 0}
    - target: {fileID: 2640421093338817142, guid: c8cd57d882c85614faba8f73d5a47a27, type: 3}
      propertyPath: m_LocalEulerAnglesHint.z
      value: 0
      objectReference: {fileID: 0}
    m_RemovedComponents: []
  m_SourcePrefab: {fileID: 100100000, guid: c8cd57d882c85614faba8f73d5a47a27, type: 3}
--- !u!4 &5108612832046554920 stripped
Transform:
  m_CorrespondingSourceObject: {fileID: 2640421093338817142, guid: c8cd57d882c85614faba8f73d5a47a27, type: 3}
  m_PrefabInstance: {fileID: 7080178354406276446}
  m_PrefabAsset: {fileID: 0}
--- !u!114 &5108612832046554921 stripped
MonoBehaviour:
  m_CorrespondingSourceObject: {fileID: 2640421093338817143, guid: c8cd57d882c85614faba8f73d5a47a27, type: 3}
  m_PrefabInstance: {fileID: 7080178354406276446}
  m_PrefabAsset: {fileID: 0}
  m_GameObject: {fileID: 0}
  m_Enabled: 1
  m_EditorHideFlags: 0
  m_Script: {fileID: 11500000, guid: 56bda68821f44f64c84afda3c411b4bc, type: 3}
  m_Name: 
  m_EditorClassIdentifier: 
